<record><leader>00000cas a2200000 a 4500</leader><controlfield tag="001">12228923</controlfield><controlfield tag="008">850703d18861888ksuwr ne      0    0eng d</controlfield><datafield ind1=" " ind2=" " tag="010"><subfield code="a">sn 85030621 </subfield></datafield><datafield ind1=" " ind2=" " tag="040"><subfield code="a">KSH</subfield><subfield code="b">eng</subfield><subfield code="c">KSH</subfield><subfield code="d">NPT</subfield><subfield code="d">OCL</subfield><subfield code="d">OCLCQ</subfield></datafield><datafield ind1=" " ind2=" " tag="042"><subfield code="a">msc</subfield></datafield><datafield ind1="0" ind2="4" tag="245"><subfield code="a">The Cullison banner.</subfield></datafield><datafield ind1=" " ind2=" " tag="260"><subfield code="a">Cullison, Kan. :</subfield><subfield code="b">Geo. H. Closson,</subfield><subfield code="c">1886-</subfield></datafield><datafield ind1=" " ind2=" " tag="300"><subfield code="a">v. :</subfield><subfield code="b">ill. ;</subfield><subfield code="c">55 cm.</subfield></datafield><datafield ind1=" " ind2=" " tag="310"><subfield code="a">Weekly</subfield></datafield><datafield ind1="0" ind2=" " tag="362"><subfield code="a">Vol. 1, no. 1 (Apr. 29, 1886)-</subfield></datafield><datafield ind1="1" ind2=" " tag="362"><subfield code="a">Ceased with Mar. 16, 1888 issue?</subfield></datafield><datafield ind1=" " ind2=" " tag="500"><subfield code="a">Published by: Frank R. Gammon, Aug. 19-Dec. 2, 1886; Clarence V. Kinney, Dec. 9, 1886-Oct. 28, 1887; Lawter, Smith &amp; Co., Nov. 4, 1887-Mar. 16, 1888.</subfield></datafield><datafield ind1=" " ind2=" " tag="515"><subfield code="a">Vol. 1, nos. 1-2 (Apr. 29-May 6, 1886) preceeded by two introductory issues; v. 1, nos. 1-2 (Apr. 15-22, 1886).</subfield></datafield><datafield ind1=" " ind2=" " tag="752"><subfield code="a">United States</subfield><subfield code="b">Kansas</subfield><subfield code="c">Pratt</subfield><subfield code="d">Cullison.</subfield></datafield></record>